<record><leader>00000cas a2200000 a 4500</leader><controlfield tag="001">9841312</controlfield><controlfield tag="008">830824d174u1751pauwr ne      0    0ger c</controlfield><datafield ind1=" " ind2=" " tag="010"><subfield code="a">sn 83025843 </subfield></datafield><datafield ind1=" " ind2=" " tag="040"><subfield code="a">NPV</subfield><subfield code="b">eng</subfield><subfield code="c">NPV</subfield><subfield code="d">NPA</subfield><subfield code="d">NPI</subfield><subfield code="d">DLC</subfield><subfield code="d">NPX</subfield><subfield code="d">NJW</subfield><subfield code="d">KNP</subfield><subfield code="d">YOX</subfield><subfield code="d">OCL</subfield><subfield code="d">CVF</subfield><subfield code="d">NYS</subfield><subfield code="d">OCLCG</subfield><subfield code="d">BUF</subfield><subfield code="d">KRTAS</subfield><subfield code="d">OCLCQ</subfield><subfield code="d">OCLCA</subfield><subfield code="d">OCLCF</subfield><subfield code="d">OCLCO</subfield></datafield><datafield ind1=" " ind2=" " tag="042"><subfield code="a">pcc</subfield></datafield><datafield ind1=" " ind2=" " tag="043"><subfield code="a">n-us-pa</subfield></datafield><datafield ind1=" " ind2=" " tag="045"><subfield code="a">v4v5</subfield></datafield><datafield ind1="0" ind2="0" tag="050"><subfield code="a">Newspaper</subfield></datafield><datafield ind1="1" ind2="4" tag="050"><subfield code="a">AP2.A2</subfield><subfield code="b">A63 Box 172</subfield></datafield><datafield ind1=" " ind2=" " tag="052"><subfield code="a">3824</subfield><subfield code="b">P5</subfield></datafield><datafield ind1="0" ind2="0" tag="245"><subfield code="a">Pensylvanische Fama, oder: Ordentliche Relation derer einlauffenden Neuigkeiten.</subfield></datafield><datafield ind1="3" ind2="0" tag="246"><subfield code="a">Pensylvanische Fama</subfield></datafield><datafield ind1="3" ind2="0" tag="246"><subfield code="a">Ordentliche Relation derer einlauffenden Neuigkeiten</subfield></datafield><datafield ind1=" " ind2=" " tag="260"><subfield code="a">[Philadelphia] Pa. :</subfield><subfield code="b">B. Fra&#776;nklin und J. Bo&#776;hm</subfield></datafield><datafield ind1=" " ind2=" " tag="300"><subfield code="a">v. :</subfield><subfield code="b">ill.</subfield></datafield><datafield ind1=" " ind2=" " tag="310"><subfield code="a">Weekly</subfield></datafield><datafield ind1="1" ind2=" " tag="362"><subfield code="a">Ceased in 1751.</subfield></datafield><datafield ind1=" " ind2=" " tag="500"><subfield code="a">Entry in Brigham, C.S. Amer. newspapers: Philadelphier Teutsche Fama, 1749-1751.</subfield></datafield><datafield ind1=" " ind2=" " tag="530"><subfield code="a">Also issued on microopaque from Readex Microprint Corp.</subfield></datafield><datafield ind1=" " ind2=" " tag="546"><subfield code="a">In German.</subfield></datafield><datafield ind1=" " ind2=" " tag="580"><subfield code="a">"Translations of news which had appeared ... in Franklin's Pennsylvania gazette."</subfield></datafield><datafield ind1=" " ind2=" " tag="588"><subfield code="a">Description based on: Nr. 108 (10. Ma&#776;rz 1750).</subfield></datafield><datafield ind1=" " ind2="0" tag="650"><subfield code="a">Germans</subfield><subfield code="z">Pennsylvania</subfield><subfield code="z">Philadelphia</subfield><subfield code="v">Newspapers.</subfield></datafield><datafield ind1=" " ind2="0" tag="650"><subfield code="a">German Americans</subfield><subfield code="z">Pennsylvania</subfield><subfield code="z">Philadelphia</subfield><subfield code="v">Newspapers.</subfield></datafield><datafield ind1=" " ind2="0" tag="651"><subfield code="a">Philadelphia (Pa.)</subfield><subfield code="v">Newspapers.</subfield></datafield><datafield ind1=" " ind2="0" tag="651"><subfield code="a">Philadelphia County (Pa.)</subfield><subfield code="v">Newspapers.</subfield></datafield><datafield ind1=" " ind2="7" tag="655"><subfield code="a">Newspapers.</subfield><subfield code="2">fast</subfield><subfield code="0">(OCoLC)fst01423814</subfield></datafield><datafield ind1=" " ind2="7" tag="650"><subfield code="a">German Americans.</subfield><subfield code="2">fast</subfield><subfield code="0">(OCoLC)fst00941308</subfield></datafield><datafield ind1=" " ind2="7" tag="650"><subfield code="a">Germans.</subfield><subfield code="2">fast</subfield><subfield code="0">(OCoLC)fst00942100</subfield></datafield><datafield ind1=" " ind2="7" tag="651"><subfield code="a">Pennsylvania</subfield><subfield code="z">Philadelphia.</subfield><subfield code="2">fast</subfield><subfield code="0">(OCoLC)fst01204170</subfield></datafield><datafield ind1=" " ind2="7" tag="651"><subfield code="a">Pennsylvania</subfield><subfield code="z">Philadelphia County.</subfield><subfield code="2">fast</subfield><subfield code="0">(OCoLC)fst01217128</subfield></datafield><datafield ind1="1" ind2=" " tag="700"><subfield code="a">Franklin, Benjamin,</subfield><subfield code="d">1706-1790.</subfield></datafield><datafield ind1="1" ind2=" " tag="700"><subfield code="a">Bo&#776;hm, Johann,</subfield><subfield code="d">-1751.</subfield></datafield><datafield ind1=" " ind2=" " tag="752"><subfield code="a">United States</subfield><subfield code="b">Pennsylvania</subfield><subfield code="c">Philadelphia</subfield><subfield code="d">Philadelphia.</subfield></datafield><datafield ind1="1" ind2=" " tag="787"><subfield code="t">Pennsylvania gazette (Philadelphia, Pa. : 1729)</subfield><subfield code="w">(DLC)sn 84026371</subfield><subfield code="w">(OCoLC)10405992</subfield></datafield><datafield ind1=" " ind2=" " tag="938"><subfield code="a">Kirtas Technologies, Inc.</subfield><subfield code="b">KRTS</subfield><subfield code="n">737327</subfield></datafield></record>